<record><leader>00000cas a2200000 a 4500</leader><controlfield tag="001">13672016</controlfield><controlfield tag="008">860531d18971914kyuwr ne      0   a0eng c</controlfield><datafield ind1=" " ind2=" " tag="010"><subfield code="a">sn 86069162 </subfield></datafield><datafield ind1=" " ind2=" " tag="040"><subfield code="a">KNP</subfield><subfield code="b">eng</subfield><subfield code="c">KNP</subfield><subfield code="d">NVF</subfield><subfield code="d">OCLCQ</subfield><subfield code="d">DLC</subfield><subfield code="d">OCLCQ</subfield><subfield code="d">DLC</subfield><subfield code="d">OCLCF</subfield></datafield><datafield ind1="1" ind2=" " tag="022"><subfield code="a">1940-9648</subfield><subfield code="l">1940-9648</subfield><subfield code="2">1</subfield></datafield><datafield ind1="1" ind2=" " tag="029"><subfield code="a">AU@</subfield><subfield code="b">000025821922</subfield></datafield><datafield ind1="1" ind2=" " tag="029"><subfield code="a">NZ1</subfield><subfield code="b">16070527</subfield></datafield><datafield ind1=" " ind2=" " tag="042"><subfield code="a">pcc</subfield><subfield code="a">nsdp</subfield></datafield><datafield ind1=" " ind2=" " tag="043"><subfield code="a">n-us-ky</subfield></datafield><datafield ind1="0" ind2="0" tag="050"><subfield code="a">Newspaper</subfield></datafield><datafield ind1="0" ind2=" " tag="130"><subfield code="a">Richmond climax (Richmond, Ky. : 1897)</subfield></datafield><datafield ind1=" " ind2="4" tag="222"><subfield code="a">The Richmond climax</subfield><subfield code="b">(Richmond, Ky. 1897)</subfield></datafield><datafield ind1="1" ind2="4" tag="245"><subfield code="a">The Richmond climax.</subfield></datafield><datafield ind1="1" ind2="7" tag="246"><subfield code="a">Climax</subfield></datafield><datafield ind1=" " ind2=" " tag="260"><subfield code="a">Richmond, Ky. :</subfield><subfield code="b">Climax Print. Co.,</subfield><subfield code="c">1897-1914.</subfield></datafield><datafield ind1=" " ind2=" " tag="300"><subfield code="a">v. :</subfield><subfield code="b">ill.</subfield></datafield><datafield ind1=" " ind2=" " tag="310"><subfield code="a">Weekly,</subfield><subfield code="b">Nov. 19, 1913-1914</subfield></datafield><datafield ind1=" " ind2=" " tag="321"><subfield code="a">Weekly,</subfield><subfield code="b">1897-Jan. 8, 1913</subfield></datafield><datafield ind1=" " ind2=" " tag="321"><subfield code="a">Semiweekly,</subfield><subfield code="b">Jan. 10, 1913-Nov. 14, 1913</subfield></datafield><datafield ind1="0" ind2=" " tag="362"><subfield code="a">Vol. 10, no. 40 (Mar. 10, 1897)- ; -41st year, no. 7 (Sept. 30, 1914).</subfield></datafield><datafield ind1=" " ind2=" " tag="515"><subfield code="a">Volume designation is replaced by a yearly designation.</subfield></datafield><datafield ind1=" " ind2=" " tag="530"><subfield code="a">Archived issues are available in digital format as part of the Library of Congress Chronicling American online collection.</subfield></datafield><datafield ind1=" " ind2="0" tag="651"><subfield code="a">Richmond (Ky.)</subfield><subfield code="v">Newspapers.</subfield></datafield><datafield ind1=" " ind2="0" tag="651"><subfield code="a">Madison County (Ky.)</subfield><subfield code="v">Newspapers.</subfield></datafield><datafield ind1=" " ind2="7" tag="655"><subfield code="a">Newspapers.</subfield><subfield code="2">fast</subfield><subfield code="0">(OCoLC)fst01423814</subfield></datafield><datafield ind1=" " ind2="7" tag="651"><subfield code="a">Kentucky</subfield><subfield code="z">Madison County.</subfield><subfield code="2">fast</subfield><subfield code="0">(OCoLC)fst01207366</subfield></datafield><datafield ind1=" " ind2="7" tag="651"><subfield code="a">Kentucky</subfield><subfield code="z">Richmond.</subfield><subfield code="2">fast</subfield><subfield code="0">(OCoLC)fst01202710</subfield></datafield><datafield ind1=" " ind2=" " tag="752"><subfield code="a">United States</subfield><subfield code="b">Kentucky</subfield><subfield code="c">Madison</subfield><subfield code="d">Richmond.</subfield></datafield><datafield ind1="0" ind2="0" tag="780"><subfield code="t">Climax (Richmond, Ky.)</subfield><subfield code="x">2151-4445</subfield><subfield code="w">(DLC)sn 86069161</subfield><subfield code="w">(OCoLC)13661897</subfield></datafield><datafield ind1="0" ind2="7" tag="785"><subfield code="t">Madisonian (Richmond, Ky.)</subfield><subfield code="x">2326-1625</subfield><subfield code="w">(DLC)sn 86069163</subfield><subfield code="w">(OCoLC)13672045</subfield></datafield><datafield ind1="0" ind2="7" tag="785"><subfield code="t">Climax-madisonian</subfield><subfield code="x">2326-165X</subfield><subfield code="w">(DLC)sn 86069164</subfield><subfield code="w">(OCoLC)13672063</subfield></datafield><datafield ind1=" " ind2=" " tag="850"><subfield code="a">DLC</subfield></datafield><datafield ind1="4" ind2="1" tag="856"><subfield code="u">http://www.loc.gov/chroniclingamerica/lccn/sn86069162/issues</subfield></datafield></record>